@ARTICLE{vonHoerner1960,
   author = {{von Hoerner}, S.},
    title = "{Die numerische Integration des n-K{\"o}rper-Problemes f{\"u}r Sternhaufen. I}",
  journal = {\zap},
     year = 1960,
   volume = 50,
    pages = {184-214},
   adsurl = {http://adsabs.harvard.edu/abs/1960ZA.....50..184V},
  adsnote = {Provided by the SAO/NASA Astrophysics Data System}
}

@ARTICLE{vonHoerner1963,
   author = {{von Hoerner}, S.},
    title = "{Die numerische Integration des n-K{\"o}rper-Problems f{\"u}r Sternhaufen, II.}",
  journal = {\zap},
     year = 1963,
   volume = 57,
    pages = {47-82},
   adsurl = {http://adsabs.harvard.edu/abs/1963ZA.....57...47V},
  adsnote = {Provided by the SAO/NASA Astrophysics Data System}
}

@ARTICLE{Hut1988,
   author = {{Hut}, P. and {Makino}, J. and {McMillan}, S.},
    title = "{Modelling the evolution of globular star clusters}",
  journal = {\nat},
 keywords = {ASTRODYNAMICS, ASTRONOMICAL MODELS, GLOBULAR CLUSTERS, STELLAR EVOLUTION, COMPUTERIZED SIMULATION, GRAVITATIONAL EFFECTS, MATHEMATICAL MODELS},
     year = 1988,
    month = nov,
   volume = 336,
    pages = {31-35},
      doi = {10.1038/336031a0},
   adsurl = {http://adsabs.harvard.edu/abs/1988Natur.336...31H},
  adsnote = {Provided by the SAO/NASA Astrophysics Data System}
}

@article{Makino1989,
author = {Makino, Junichiro and Hut, Piet},
title = {{Gravitational N-Body Algorithms: A Comparison Between Supercomputers and a Highly Parallel Computer}},
journal = {Computer Physics Reports},
year = {1989},
volume = {9},
number = {4},
pages = {199--246},
month = jun
}

@ARTICLE{Nitadori2006,
   author = {{Nitadori}, K. and {Makino}, J. and {Abe}, G.},
    title = "{High-Performance Small-Scale Simulation of Star Clusters Evolution on Cray XD1}",
  journal = {ArXiv Astrophysics e-prints},
   eprint = {arXiv:astro-ph/0606105},
 keywords = {Astrophysics},
     year = 2006,
    month = jun,
   adsurl = {http://adsabs.harvard.edu/abs/2006astro.ph..6105N},
  adsnote = {Provided by the SAO/NASA Astrophysics Data System}
}
